@article{Sadowski2015HowDS,
  title   = {How developers search for code: a case study},
  author  = {Caitlin Sadowski and Kathryn T. Stolee and Sebastian G. Elbaum},
  year    = 2015,
  journal = {Proceedings of the 2015 10th Joint Meeting on Foundations of Software Engineering}
}
@article{Yan2020AreTC,
  title   = {Are the Code Snippets What We Are Searching for? A Benchmark and an Empirical Study on Code Search with Natural-Language Queries},
  author  = {Shuhan Yan and Hang Yu and Yuting Chen and Beijun Shen and Lingxiao Jiang},
  year    = 2020,
  journal = {2020 IEEE 27th International Conference on Software Analysis, Evolution and Reengineering (SANER)},
  pages   = {344--354}
}
@inproceedings{lv2015codehow,
  title        = {Codehow: Effective code search based on api understanding and extended boolean model (e)},
  author       = {Lv, Fei and Zhang, Hongyu and Lou, Jian-guang and Wang, Shaowei and Zhang, Dongmei and Zhao, Jianjun},
  year         = 2015,
  booktitle    = {2015 30th IEEE/ACM International Conference on Automated Software Engineering (ASE)},
  pages        = {260--270},
  organization = {IEEE}
}
@article{Gu2018DeepCS,
  title   = {Deep Code Search},
  author  = {Xiaodong Gu and Hongyu Zhang and Sunghun Kim},
  year    = 2018,
  journal = {2018 IEEE/ACM 40th International Conference on Software Engineering (ICSE)},
  pages   = {933--944}
}
@inproceedings{Chu2019AGA,
  title  = {A Graph-Based Approach for Semantic Code Search},
  author = {Horace Chu},
  year   = 2019
}
@article{Husain2019CodeSearchNetCE,
  title   = {CodeSearchNet Challenge: Evaluating the State of Semantic Code Search},
  author  = {Hamel Husain and Hongqi Wu and Tiferet Gazit and Miltiadis Allamanis and Marc Brockschmidt},
  year    = 2019,
  journal = {ArXiv},
  volume  = {abs/1909.09436}
}
@article{Heyman2020NeuralCS,
  title   = {Neural Code Search Revisited: Enhancing Code Snippet Retrieval through Natural Language Intent},
  author  = {Geert Heyman and Tom Van Cutsem},
  year    = 2020,
  journal = {ArXiv},
  volume  = {abs/2008.12193}
}
@article{Feng2020CodeBERTAP,
  title   = {CodeBERT: A Pre-Trained Model for Programming and Natural Languages},
  author  = {Zhangyin Feng and Daya Guo and Duyu Tang and Nan Duan and Xiaocheng Feng and Ming Gong and Linjun Shou and Bing Qin and Ting Liu and Daxin Jiang and Ming Zhou},
  year    = 2020,
  journal = {ArXiv},
  volume  = {abs/2002.08155}
}
@article{Cambronero2019WhenDL,
  title   = {When deep learning met code search},
  author  = {Jose Pablo Cambronero and Hongyu Li and Seohyun Kim and Koushik Sen and Satish Chandra},
  year    = 2019,
  journal = {Proceedings of the 2019 27th ACM Joint Meeting on European Software Engineering Conference and Symposium on the Foundations of Software Engineering}
}
@article{Zeng2021deGraphCSEV,
  title   = {deGraphCS: Embedding Variable-based Flow Graph for Neural Code Search},
  author  = {Chen Zeng and Yue Yu and Shanshan Li and Xin Xia and Zhiming Wang and Mingyang Geng and Bailin Xiao and Wei Dong and Xiangke Liao},
  year    = 2021,
  journal = {ArXiv},
  volume  = {abs/2103.13020}
}
@article{Salza2021OnTE,
  title   = {On the Effectiveness of Transfer Learning for Code Search},
  author  = {Pasquale Salza and Christoph Schwizer and Jian Gu and Harald C. Gall},
  year    = 2021,
  journal = {ArXiv},
  volume  = {abs/2108.05890}
}
@article{Chai2022CrossDomainDC,
  title   = {Cross-Domain Deep Code Search with Few-Shot Meta Learning},
  author  = {Yitian Chai and Hongyu Zhang and Beijun Shen and Xiaodong Gu},
  year    = 2022,
  journal = {ArXiv},
  volume  = {abs/2201.00150}
}
@article{Wan2019MultimodalAN,
  title   = {Multi-modal Attention Network Learning for Semantic Source Code Retrieval},
  author  = {Yao Wan and Jingdong Shu and Yulei Sui and Guandong Xu and Zhou Zhao and Jian Wu and Philip S. Yu},
  year    = 2019,
  journal = {2019 34th IEEE/ACM International Conference on Automated Software Engineering (ASE)},
  pages   = {13--25}
}
@article{Ling2021DeepGM,
  title   = {Deep Graph Matching and Searching for Semantic Code Retrieval},
  author  = {Xiang Ling and Lingfei Wu and Sai-gang Wang and Gaoning Pan and Tengfei Ma and Fangli Xu and Alex X. Liu and Chunming Wu and Shouling Ji},
  year    = 2021,
  journal = {ACM Transactions on Knowledge Discovery from Data (TKDD)},
  volume  = 15,
  pages   = {1--21}
}
@article{Sun2022OnTI,
  title   = {On the Importance of Building High-quality Training Datasets for Neural Code Search},
  author  = {Zhensu Sun and Li Li and Y. Liu and Xiaoning Du},
  year    = 2022,
  journal = {ArXiv},
  volume  = {abs/2202.06649}
}
@article{Haldar2020AMA,
  title   = {A Multi-Perspective Architecture for Semantic Code Search},
  author  = {Rajarshi Haldar and Lingfei Wu and Jinjun Xiong and J. Hockenmaier},
  year    = 2020,
  journal = {ArXiv},
  volume  = {abs/2005.06980}
}
@article{Gu2021CRaDLeDC,
  title   = {CRaDLe: Deep Code Retrieval Based on Semantic Dependency Learning},
  author  = {Wenchao Gu and Zongjie Li and Cuiyun Gao and Chaozheng Wang and Hongyu Zhang and Zenglin Xu and Michael R. Lyu},
  year    = 2021,
  journal = {Neural networks : the official journal of the International Neural Network Society},
  volume  = 141,
  pages   = {385--394}
}
@article{Liu2021GraphSearchNetEG,
  title   = {GraphSearchNet: Enhancing GNNs via Capturing Global Dependency for Semantic Code Search},
  author  = {Shangqing Liu and Xiaofei Xie and L. Ma and J. Siow and Yang Liu},
  year    = 2021,
  journal = {ArXiv},
  volume  = {abs/2111.02671}
}
@article{Li2020LearningCI,
  title   = {Learning Code-Query Interaction for Enhancing Code Searches},
  author  = {Wei Li and Haozhe Qin and Shuhan Yan and Beijun Shen and Yuting Chen},
  year    = 2020,
  journal = {2020 IEEE International Conference on Software Maintenance and Evolution (ICSME)},
  pages   = {115--126}
}
@article{Shi2022EnhancingSC,
  title   = {Enhancing Semantic Code Search with Multimodal Contrastive Learning and Soft Data Augmentation},
  author  = {Ensheng Shi and Wenchao Gub and Yanlin Wang and Lun Du and Hongyu Zhang and Shi Han and Dongmei Zhang and Hongbin Sun},
  year    = 2022,
  journal = {ArXiv},
  volume  = {abs/2204.03293}
}
@article{Wang2022EnrichingQS,
  title   = {Enriching Query Semantics for Code Search with Reinforcement Learning},
  author  = {Chaozheng Wang and Zheng Nong and Cuiyun Gao and Zongjie Li and Jichuan Zeng and Zhenchang Xing and Yang Liu},
  year    = 2022,
  journal = {Neural networks : the official journal of the International Neural Network Society},
  volume  = 145,
  pages   = {22--32}
}
@article{Gu2022AcceleratingCS,
  title   = {Accelerating Code Search with Deep Hashing and Code Classification},
  author  = {Wenchao Gu and Yanlin Wang and Lun Du and Hongyu Zhang and Shi Han and Dongmei Zhang and Michael R. Lyu},
  year    = 2022,
  journal = {ArXiv},
  volume  = {abs/2203.15287}
}
@article{Cheng2022CSRSCS,
  title   = {CSRS: Code Search with Relevance Matching and Semantic Matching},
  author  = {Yiran Cheng and Li Kuang},
  year    = 2022,
  journal = {ArXiv},
  volume  = {abs/2203.07736}
}
@article{Bui2021SelfSupervisedCL,
  title   = {Self-Supervised Contrastive Learning for Code Retrieval and Summarization via Semantic-Preserving Transformations},
  author  = {Nghi D. Q. Bui and Yijun Yu and Lingxiao Jiang},
  year    = 2021,
  journal = {Proceedings of the 44th International ACM SIGIR Conference on Research and Development in Information Retrieval}
}
@article{Ye2020LeveragingCG,
  title   = {Leveraging Code Generation to Improve Code Retrieval and Summarization via Dual Learning},
  author  = {Wei Ye and Rui Xie and Jinglei Zhang and Tianxiang Hu and Xiaoyin Wang and Shikun Zhang},
  year    = 2020,
  journal = {Proceedings of The Web Conference 2020}
}
@article{Yao2018StaQCAS,
  title   = {StaQC: A Systematically Mined Question-Code Dataset from Stack Overflow},
  author  = {Ziyu Yao and Daniel S. Weld and Wei-Peng Chen and Huan Sun},
  year    = 2018,
  journal = {Proceedings of the 2018 World Wide Web Conference}
}
@article{Yao2019CoaCorCA,
  title   = {CoaCor: Code Annotation for Code Retrieval with Reinforcement Learning},
  author  = {Ziyu Yao and Jayavardhan Reddy Peddamail and Huan Sun},
  year    = 2019,
  journal = {The World Wide Web Conference}
}
@article{Akbar2019SCORSC,
  title   = {SCOR: Source Code Retrieval with Semantics and Order},
  author  = {Shayan A. Akbar and Avinash C. Kak},
  year    = 2019,
  journal = {2019 IEEE/ACM 16th International Conference on Mining Software Repositories (MSR)},
  pages   = {1--12}
}
@article{Guo2021GraphCodeBERTPC,
  title   = {GraphCodeBERT: Pre-training Code Representations with Data Flow},
  author  = {Daya Guo and Shuo Ren and Shuai Lu and Zhangyin Feng and Duyu Tang and Shujie Liu and Long Zhou and Nan Duan and Jian Yin and Daxin Jiang and M. Zhou},
  year    = 2021,
  journal = {ArXiv},
  volume  = {abs/2009.08366}
}
@article{Xu2021TwoStageAM,
  title   = {Two-Stage Attention-Based Model for Code Search with Textual and Structural Features},
  author  = {Ling Xu and Huanhuan Yang and Chao Liu and Jianhang Shuai and Meng Yan and Yan Lei and Zhou Xu},
  year    = 2021,
  journal = {2021 IEEE International Conference on Software Analysis, Evolution and Reengineering (SANER)},
  pages   = {342--353}
}
@article{Ling2020AdaptiveDC,
  title   = {Adaptive Deep Code Search},
  author  = {Chunyang Ling and Zeqi Lin and Yanzhen Zou and Bing Xie},
  year    = 2020,
  journal = {Proceedings of the 28th International Conference on Program Comprehension}
}
@article{Wang2020TranS3AT,
  title   = {$TranS^3$: A Transformer-based Framework for Unifying Code Summarization and Code Search},
  author  = {Wenhua Wang and Yuqun Zhang and Zhengran Zeng and Guandong Xu},
  year    = 2020,
  journal = {ArXiv},
  volume  = {abs/2003.03238}
}
@inproceedings{Arumugam2020SemanticCS,
  title  = {Semantic code search using Code2Vec: A bag-of-paths model},
  author = {Lakshmanan Arumugam},
  year   = 2020
}
@article{GARDNER19982627,
  title    = {Artificial neural networks (the multilayer perceptron)—a review of applications in the atmospheric sciences},
  author   = {M.W Gardner and S.R Dorling},
  year     = 1998,
  journal  = {Atmospheric Environment},
  volume   = 32,
  number   = 14,
  pages    = {2627--2636},
  doi      = {\url{https://doi.org/10.1016/S1352-2310(97)00447-0}},
  issn     = {1352-2310},
  url      = {\url{https://www.sciencedirect.com/science/article/pii/S1352231097004470}},
  keywords = {Statistical modelling, neural network, backpropagation, artificial intelligence},
  abstract = {Artificial neural networks are appearing as useful alternatives to traditional statistical modelling techniques in many scientific disciplines. This paper presents a general introduction and discussion of recent applications of the multilayer perceptron, one type of artificial neural network, in the atmospheric sciences.}
}
@misc{Kalchbrenner20142188,
  title     = {A Convolutional Neural Network for Modelling Sentences},
  author    = {Kalchbrenner, Nal and Grefenstette, Edward and Blunsom, Phil},
  year      = 2014,
  publisher = {arXiv},
  doi       = {10.48550/ARXIV.1404.2188},
  url       = {\url{https://arxiv.org/abs/1404.2188}},
  copyright = {arXiv.org perpetual, non-exclusive license},
  keywords  = {Computation and Language (cs.CL), FOS: Computer and information sciences, FOS: Computer and information sciences}
}
@article{Mielke2021BetweenWA,
  title   = {Between words and characters: A Brief History of Open-Vocabulary Modeling and Tokenization in NLP},
  author  = {Sabrina J. Mielke and Zaid Alyafeai and Elizabeth Salesky and Colin Raffel and Manan Dey and Matthias Gallé and Arun Raja and Chenglei Si and Wilson Y. Lee and Benoît Sagot and Samson Tan},
  year    = 2021,
  journal = {ArXiv},
  volume  = {abs/2112.10508}
}
@article{ZHarris1954DS,
  title     = {Distributional Structure},
  author    = {Zellig S. Harris},
  year      = 1954,
  journal   = {WORD},
  publisher = {Routledge},
  volume    = 10,
  number    = {2-3},
  pages     = {146--162},
  doi       = {10.1080/00437956.1954.11659520},
  url       = {\url{https://doi.org/10.1080/00437956.1954.11659520}}
}
@inproceedings{Mikolov2013EfficientEO,
  title     = {Efficient Estimation of Word Representations in Vector Space},
  author    = {Tomas Mikolov and Kai Chen and Gregory S. Corrado and Jeffrey Dean},
  year      = 2013,
  booktitle = {ICLR}
}
@inproceedings{Mikolov2013DistributedRO,
  title     = {Distributed Representations of Words and Phrases and their Compositionality},
  author    = {Tomas Mikolov and Ilya Sutskever and Kai Chen and Gregory S. Corrado and Jeffrey Dean},
  year      = 2013,
  booktitle = {NIPS}
}
@article{Vaswani2017AttentionIA,
  title   = {Attention is All you Need},
  author  = {Ashish Vaswani and Noam M. Shazeer and Niki Parmar and Jakob Uszkoreit and Llion Jones and Aidan N. Gomez and Lukasz Kaiser and Illia Polosukhin},
  year    = 2017,
  journal = {ArXiv},
  volume  = {abs/1706.03762}
}
@article{Devlin2019BERTPO,
  title   = {BERT: Pre-training of Deep Bidirectional Transformers for Language Understanding},
  author  = {Jacob Devlin and Ming-Wei Chang and Kenton Lee and Kristina Toutanova},
  year    = 2019,
  journal = {ArXiv},
  volume  = {abs/1810.04805}
}
@inbook{Craswell2009,
  title     = {Mean Reciprocal Rank},
  author    = {Craswell, Nick},
  year      = 2009,
  booktitle = {Encyclopedia of Database Systems},
  publisher = {Springer US},
  address   = {Boston, MA},
  pages     = {1703--1703},
  isbn      = {978-0-387-39940-9},
  editor    = {LIU, LING}
}
@article{Raghothaman2016SWIMSW,
  title   = {SWIM: Synthesizing What I Mean - Code Search and Idiomatic Snippet Synthesis},
  author  = {Mukund Raghothaman and Yi Wei and Youssef Hamadi},
  year    = 2016,
  journal = {2016 IEEE/ACM 38th International Conference on Software Engineering (ICSE)},
  pages   = {357--367}
}
@article{Liu2019RoBERTaAR,
  title   = {RoBERTa: A Robustly Optimized BERT Pretraining Approach},
  author  = {Yinhan Liu and Myle Ott and Naman Goyal and Jingfei Du and Mandar Joshi and Danqi Chen and Omer Levy and Mike Lewis and Luke Zettlemoyer and Veselin Stoyanov},
  year    = 2019,
  journal = {ArXiv},
  volume  = {abs/1907.11692}
}
@inproceedings{Radford2019LanguageMA,
  title  = {Language Models are Unsupervised Multitask Learners},
  author = {Alec Radford and Jeff Wu and Rewon Child and David Luan and Dario Amodei and Ilya Sutskever},
  year   = 2019
}
@article{Rahman2018EvaluatingHD,
  title   = {Evaluating How Developers Use General-Purpose Web-Search for Code Retrieval},
  author  = {Md Masudur Rahman and Jed Barson and Sydney Paul and Joshua Kayan and Federico Andres Lois and Sebastian Fernandez Quezada and Chris Parnin and Kathryn T. Stolee and Baishakhi Ray},
  year    = 2018,
  journal = {2018 IEEE/ACM 15th International Conference on Mining Software Repositories (MSR)},
  pages   = {465--475}
}
@article{Xia2017WhatDD,
  title   = {What do developers search for on the web?},
  author  = {Xin Xia and Lingfeng Bao and D. Lo and Pavneet Singh Kochhar and A. Hassan and Zhenchang Xing},
  year    = 2017,
  journal = {Empirical Software Engineering},
  volume  = 22,
  pages   = {3149--3185}
}
@article{Furnas1987TheVP,
  title   = {The vocabulary problem in human-system communication},
  author  = {George W. Furnas and Thomas K. Landauer and Louis M. Gomez and Susan T. Dumais},
  year    = 1987,
  journal = {Commun. ACM},
  volume  = 30,
  pages   = {964--971}
}
@article{Carpineto2012ASO,
  title   = {A Survey of Automatic Query Expansion in Information Retrieval},
  author  = {Claudio Carpineto and Giovanni Romano},
  year    = 2012,
  journal = {ACM Comput. Surv.},
  volume  = 44,
  pages   = {1:1--1:50}
}
@article{Nie2016QueryEB,
  title   = {Query Expansion Based on Crowd Knowledge for Code Search},
  author  = {Liming Nie and He Jiang and Zhilei Ren and Zeyi Sun and Xiaochen Li},
  year    = 2016,
  journal = {IEEE Transactions on Services Computing},
  volume  = 9,
  pages   = {771--783}
}
@article{Grazia2022CodeSA,
  title   = {Code Search: A Survey of Techniques for Finding Code},
  author  = {Luca Di Grazia and Michael Pradel},
  year    = 2022,
  journal = {ACM Computing Surveys (CSUR)}
}
@article{NGUYEN2017CombiningWW,
  title   = {Combining Word2Vec with Revised Vector Space Model for Better Code Retrieval},
  author  = {THANH VAN NGUYEN and Anh Tuan Nguyen and Hung Dang Phan and Trong Duc Nguyen and Tien Nhut Nguyen},
  year    = 2017,
  journal = {2017 IEEE/ACM 39th International Conference on Software Engineering Companion (ICSE-C)},
  pages   = {183--185}
}
@article{Chen2018ANF,
  title   = {A Neural Framework for Retrieval and Summarization of Source Code},
  author  = {Qingying Chen and Minghui Zhou},
  year    = 2018,
  journal = {2018 33rd IEEE/ACM International Conference on Automated Software Engineering (ASE)},
  pages   = {826--831}
}
@article{Du2021IsAS,
  title   = {Is a Single Model Enough? MuCoS: A Multi-Model Ensemble Learning Approach for Semantic Code Search},
  author  = {Lun Du and Xiaozhou Shi and Yanlin Wang and Ensheng Shi and Shi Han and Dongmei Zhang},
  year    = 2021,
  journal = {Proceedings of the 30th ACM International Conference on Information and Knowledge Management}
}
@article{Zhou2018SLAMPARC,
  title   = {SLAMPA: Recommending Code Snippets with Statistical Language Model},
  author  = {Shufan Zhou and Hao Zhong and Beijun Shen},
  year    = 2018,
  journal = {2018 25th Asia-Pacific Software Engineering Conference (APSEC)},
  pages   = {79--88}
}
@article{Fujiwara2019CodetoCodeSB,
  title   = {Code-to-Code Search Based on Deep Neural Network and Code Mutation},
  author  = {Yuji Fujiwara and Norihiro Yoshida and Eunjong Choi and Katsuro Inoue},
  year    = 2019,
  journal = {2019 IEEE 13th International Workshop on Software Clones (IWSC)},
  pages   = {1--7}
}
@article{Mukherjee2020SearchingAD,
  title   = {Searching a Database of Source Codes Using Contextualized Code Search},
  author  = {Rohan Mukherjee and Swarat Chaudhuri and Chris Jermaine},
  year    = 2020,
  journal = {Proc. VLDB Endow.},
  volume  = 13,
  pages   = {1765--1778}
}
@article{Martie2015CodeExchangeSR,
  title   = {CodeExchange: Supporting Reformulation of Internet-Scale Code Queries in Context (T)},
  author  = {Lee Martie and Thomas D. LaToza and Andre van der Hoek},
  year    = 2015,
  journal = {2015 30th IEEE/ACM International Conference on Automated Software Engineering (ASE)},
  pages   = {24--35}
}
@article{Sivaraman2019ActiveIL,
  title   = {Active Inductive Logic Programming for Code Search},
  author  = {Aishwarya Sivaraman and Tianyi Zhang and Guy Van den Broeck and Miryung Kim},
  year    = 2019,
  journal = {2019 IEEE/ACM 41st International Conference on Software Engineering (ICSE)},
  pages   = {292--303}
}
@article{Reiss2009SemanticsbasedCS,
  title   = {Semantics-based code search},
  author  = {Steven P. Reiss},
  year    = 2009,
  journal = {2009 IEEE 31st International Conference on Software Engineering},
  pages   = {243--253}
}
@article{Jiang2018ResearchPS,
  title   = {[Research Paper] Semantics-Based Code Search Using Input/Output Examples},
  author  = {Renhe Jiang and Zhengzhao Chen and Zejun Zhang and Yu Pei and Minxue Pan and Tian Zhang},
  year    = 2018,
  journal = {2018 IEEE 18th International Working Conference on Source Code Analysis and Manipulation (SCAM)},
  pages   = {92--102}
}
@article{Li2016RelationshipawareCS,
  title   = {Relationship-aware code search for JavaScript frameworks},
  author  = {Xuan Li and Zerui Wang and Qianxiang Wang and Shoumeng Yan and Tao Xie and Hong Mei},
  year    = 2016,
  journal = {Proceedings of the 2016 24th ACM SIGSOFT International Symposium on Foundations of Software Engineering}
}
@article{Lu2015QueryEV,
  title   = {Query expansion via WordNet for effective code search},
  author  = {Meili Lu and Xiaobing Sun and Shaowei Wang and D. Lo and Yucong Duan},
  year    = 2015,
  journal = {2015 IEEE 22nd International Conference on Software Analysis, Evolution, and Reengineering (SANER)},
  pages   = {545--549}
}
@article{Mitra2018AnIT,
  title   = {An Introduction to Neural Information Retrieval},
  author  = {Bhaskar Mitra and Nick Craswell},
  year    = 2018,
  journal = {Found. Trends Inf. Retr.},
  volume  = 13,
  pages   = {1--126}
}
@article{Sun2022CodeSB,
  title   = {Code Search based on Context-aware Code Translation},
  author  = {Weisong Sun and Chunrong Fang and Yuchen Chen and Guanhong Tao and Ting Han and Quanjun Zhang},
  year    = 2022,
  journal = {2022 IEEE/ACM 44th International Conference on Software Engineering (ICSE)},
  pages   = {388--400}
}
